@inproceedings{Taherkhani:2012,
	author = {Taherkhani, Ahmad and Korhonen, Ari and Malmi, Lauri},
	title = {Automatic Recognition of Students' Sorting Algorithm Implementations in a Data Structures and Algorithms Course},
	booktitle = {Proceedings of the 12th Koli Calling International Conference on Computing Education Research},
	series = {Koli Calling '12},
	year = {2012},
	isbn = {978-1-4503-1795-5},
	location = {Koli, Finland},
	pages = {83--92},
	numpages = {10},
	url = {http://doi.acm.org/10.1145/2401796.2401806},
	doi = {10.1145/2401796.2401806},
	acmid = {2401806},
	publisher = {ACM},
	address = {New York, NY, USA},
	keywords = {algorithm recognition, decision tree classifiers, program comprehension, roles of variables},
} 

@inproceedings{Mehlenbacher:2012,
	author = {Mehlenbacher, Brad},
	title = {Massive Open Online Courses (MOOCs): Educational Innovation or Threat to Higher Education?},
	booktitle = {Proceedings of the Workshop on Open Source and Design of Communication},
	series = {OSDOC '12},
	year = {2012},
	isbn = {978-1-4503-1525-8},
	location = {Lisboa, Portugal},
	pages = {99--99},
	numpages = {1},
	url = {http://doi.acm.org/10.1145/2316936.2316953},
	doi = {10.1145/2316936.2316953},
	acmid = {2316953},
	publisher = {ACM},
	address = {New York, NY, USA},
	keywords = {eLearning, education, open online courses},
}

@inproceedings{Yin:2015,
	author = {Yin, Hezheng and Moghadam, Joseph and Fox, Armando},
	title = {Clustering Student Programming Assignments to Multiply Instructor Leverage},
	booktitle = {Proceedings of the Second (2015) ACM Conference on Learning @ Scale},
	series = {L@S '15},
	year = {2015},
	isbn = {978-1-4503-3411-2},
	location = {Vancouver, BC, Canada},
	pages = {367--372},
	numpages = {6},
	url = {http://doi.acm.org/10.1145/2724660.2728695},
	doi = {10.1145/2724660.2728695},
	acmid = {2728695},
	publisher = {ACM},
	address = {New York, NY, USA},
	keywords = {autograding, clustering, moocs},
}

@article{van2011style,
	title={Style guide for python code},
	author={Van Rossum, Guido and Warsaw, Barry and Coghlan, N},
	journal={Section: Maximum Line Length. url: http://www. python. org/dev/peps/pep-0008},
	year={2011}
}

@inproceedings{Glassman:2014,
	author = {Glassman, Elena L. and Singh, Rishabh and Miller, Robert C.},
	title = {Feature Engineering for Clustering Student Solutions},
	booktitle = {Proceedings of the First ACM Conference on Learning @ Scale Conference},
	series = {L@S '14},
	year = {2014},
	isbn = {978-1-4503-2669-8},
	location = {Atlanta, Georgia, USA},
	pages = {171--172},
	numpages = {2},
	url = {http://doi.acm.org/10.1145/2556325.2567865},
	doi = {10.1145/2556325.2567865},
	acmid = {2567865},
	publisher = {ACM},
	address = {New York, NY, USA},
	keywords = {algorithm recognition, feature engineering, program comprehension},
}

@article{Glassman:2015,
	author = {Glassman, Elena L. and Scott, Jeremy and Singh, Rishabh and Guo, Philip J. and Miller, Robert C.},
	title = {OverCode: Visualizing Variation in Student Solutions to Programming Problems at Scale},
	journal = {ACM Trans. Comput.-Hum. Interact.},
	issue_date = {April 2015},
	volume = {22},
	number = {2},
	month = mar,
	year = {2015},
	issn = {1073-0516},
	pages = {7:1--7:35},
	articleno = {7},
	numpages = {35},
	url = {http://doi.acm.org/10.1145/2699751},
	doi = {10.1145/2699751},
	acmid = {2699751},
	publisher = {ACM},
	address = {New York, NY, USA},
	keywords = {Programming education, learning at scale},
}

@article{van2001pep,
	title={PEP 8--style guide for python code},
	author={van Rossum, Guido and Warsaw, Barry and Coghlan, Nick},
	journal={Available at ht tp://www. python. org/dev/peps/pep-0008},
	year={2001}
}

@article{mccabe,
	title={A complexity measure},
	author={McCabe, Thomas J},
	journal={IEEE Transactions on software Engineering},
	number={4},
	pages={308--320},
	year={1976},
	publisher={IEEE}
}

@inproceedings{Alencar,
	author = {Alencar, Aretha B. and B\"{o}rner, Katy and Paulovich, Fernando V. and de Oliveira, Maria Cristina F.},
	title = {Time-aware Visualization of Document Collections},
	booktitle = {Proceedings of the 27th Annual ACM Symposium on Applied Computing},
	series = {SAC '12},
	year = {2012},
	isbn = {978-1-4503-0857-1},
	location = {Trento, Italy},
	pages = {997--1004},
	numpages = {8},
	url = {http://doi.acm.org/10.1145/2245276.2245469},
	doi = {10.1145/2245276.2245469},
	acmid = {2245469},
	publisher = {ACM},
	address = {New York, NY, USA},
	keywords = {information visualization, multidimensional projections, text and document data, time-varying data},
}

@article{paulovich2008hipp,
	title={Hipp: A novel hierarchical point placement strategy and its application to the exploration of document collections},
	author={Paulovich, Fernando V and Minghim, Rosane},
	journal={IEEE Transactions on Visualization and Computer Graphics},
	volume={14},
	number={6},
	pages={1229--1236},
	year={2008},
	publisher={IEEE}
}
